101 111000025 0710005051107171423C094101                                                      
5200ABC CORPORATION                     1311234567CTXVndr Pymnt9701031107080031710005050000001
6221110000259876543210       001129984300XX-23307529020008F&B PAYROLL SYS   AK1710005050000002
705ISA*00*NVTEST1   *00*NVTEST2   *ZZ*NVTEST3        *ZZ*NVTEST4        *060807*12200010000002
7054*&*00402*000000000*0*P*?\GS*RA*NV*NV*20060807*1224*0*X*005010\ST*820*0001\BPR*I00020000002
705*112998.43*C*ACH*CTX*01*071000505*DA*0055158594*1311234567**01*111000025*DA*987600030000002
705543210*20110708*VEN\TRN*1*00XX-2330752902\REF*ZZ*333444555*MUTUALLY DEFINED REFE00040000002
705RENCE KEY\DTM*234*19970103\N1*PR*ABC CORPORATION\N1*PE*F&B PAYROLL SYS*97*00800200050000002
7058035\N3*1234 BRANNAN STREET  STE 200\N4*SAN FRANCISCO*CA*941034888*US\ENT*1\RMR*00060000002
705OI*0140611**11730.00*1170.00*0.00\RMR*OI*0140611**56376.97*57503.64*1126.67\RMR*00070000002
705OI*0140845**57791.46*58970.88*1179.42\SE*14*0001\GE*1*0\IEA*1*000000000\        00080000002
820000000900111000020000000000000000112998431311234567                         710005050000001
9000001000002000000090011100002000000000000000011299843                                       
9999999999999999999999999999999999999999999999999999999999999999999999999999999999999999999999
9999999999999999999999999999999999999999999999999999999999999999999999999999999999999999999999
9999999999999999999999999999999999999999999999999999999999999999999999999999999999999999999999
9999999999999999999999999999999999999999999999999999999999999999999999999999999999999999999999
9999999999999999999999999999999999999999999999999999999999999999999999999999999999999999999999
9999999999999999999999999999999999999999999999999999999999999999999999999999999999999999999999
9999999999999999999999999999999999999999999999999999999999999999999999999999999999999999999999
