101 273222259 2711111139006252030A094101LOL Services           XYZ Trust                      
5225AM Club         DUES                1249999991PPDMONTH DUES0625909006260001271111110000001
62734513093631872-76548      00000600005130           Beth Connor           070271111110000301
822500000100345130930000000600000000000000001249999991                         271111110000001
5220BEL, Inc.       DIRECT DEPOSIT      9333333331PPDDIRECT PAY0625909006270001271111110000002
6223451309367780-8769        0003000000343-34-3434    Roy Ainge             011271111110000303
705343-34-3434                                                                     00010000303
822000000100345130930000000000000000030000009333333331                         271111110000002
9000002000001000000020069026186000000060000000003000000                                       
9999999999999999999999999999999999999999999999999999999999999999999999999999999999999999999999
9999999999999999999999999999999999999999999999999999999999999999999999999999999999999999999999
