101 123456789 9876543210710301634A094101TEST Destination       TEST Origination               
5200VIA LICENSING CO                    1943024325CTXCORP PYMT             3331011000131000000
6221210428820290150341       00112998430080028035     0007                    1011000132000001
705ISA*00*NVTEST1   *00*NVTEST2   *ZZ*NVTEST3        *ZZ*NVTEST4        *060807*12200012000001
7054*&*00402*000000001*0*P*?\GS*RA*NV*NV*20060807*1224*0*X*005010\ST*820*0001\BPR*I00022000001
705*112998.43*C*ACH*CTX*01*011000138*DA*0055158594*1943024325**01*121042882*DA*029000032000001
705150341**VEN\N1*PE*VIA LICENSING CORPORATION*97*0080028035\N3*1234 BRANNAN STREET00042000001
705  STE 200\N4*SAN FRANCISCO*CA*941034888*US\ENT*1\RMR*OI*0140611**11730.00*1170.000052000001
7050*0.00\RMR*OI*0140611**56376.97*57503.64*1126.67\RMR*OI*0140845**57791.46*58970.00062000001
70588*1179.42\SE*10*0001\GE*1*0\IEA*1*000000001\                                   00072000001
820000000800121042880000000000000000112998431943024325                         011000131000000
5200VIA LICENSING CO                    1943024325CTXCORP PYMT             3331011000131000000
6221210428820290150341       00112998430080028035     0007                    1011000132000002
705ISA*00*NVTEST1   *00*NVTEST2   *ZZ*NVTEST3        *ZZ*NVTEST4        *060807*12200012000002
7054*&*00402*000000002*0*P*?\GS*RA*NV*NV*20060807*1224*0*X*005010\ST*820*0001\BPR*I00022000002
705*112998.43*C*ACH*CTX*01*011000138*DA*0055158594*1943024325**01*121042882*DA*029000032000002
705150341**VEN\N1*PE*VIA LICENSING CORPORATION*97*0080028035\N3*1234 BRANNAN STREET00042000002
705  STE 200\N4*SAN FRANCISCO*CA*941034888*US\ENT*1\RMR*OI*0140611**11730.00*1170.000052000002
7050*0.00\RMR*OI*0140611**56376.97*57503.64*1126.67\RMR*OI*0140845**57791.46*58970.00062000002
70588*1179.42\SE*10*0001\GE*1*0\IEA*1*000000002\                                   00072000002
820000000800121042880000000000000000112998431943024325                         011000131000000
5200BEST CASH BANK N                    8942404110CTXCORP PYMNT      0608073331121000351000000
6221210002484945049120       02785931290056-20007529020010ORANGE COMPUTER     1121000352000003
705ISA*00*          *00*          *ZZ*PD2020         *17*121000358      *060804*15500012000003
7056*U*00401*003126350*0*P*>\GS*RA*PD2020*121000358*20060804*155607*263500001*X*00500022000003
705010\ST*820*0103\BPR*C*2785931.29*C*ACH*CTX*01*121000358*DA*1233229195*894240411000032000003
705**01*121000248*DA*4945049120*20060807\TRN*1*0056-2000752902\CUR*PE*USD\REF*TN**C00042000003
705ORP PYMNT\REF*X9*0000000468685019\REF*BT*000000614011\REF*2I*SAPPD2    Z_A56_OUT00052000003
705 0056\REF*11*1233229195\REF*PQ*VIA LICENSING CORPOR941034888\REF*3N*USD 1210002400062000003
7058 4945049120\REF*PH*1\REF*CA*00\N1*RB*BEST CASH BANK NA*SW*WFBIUS6S\N2*SORT CODE00072000003
705 121000248\N3*ADDRESS UNKNOWN\N4*CITY UNKNOWN***US\N1*PR*ORANGE COMPUTER\N3*1 IN00082000003
705FINITE LOOP\N4*CUPERTINO*CA*95014*US\ENT*1\RMR*IV*MP42006Q22000407**2785931.29*200092000003
705785931.29*0.00\DTM*003*20060719\SE*24*0103\GE*0001*263500001\IEA*0001*003126350\00102000003
820000001100121000240000000000000002785931298942404110                         121000351000000
9000003000004000000270036308600000000000000000301192815                                       
9999999999999999999999999999999999999999999999999999999999999999999999999999999999999999999999
9999999999999999999999999999999999999999999999999999999999999999999999999999999999999999999999
9999999999999999999999999999999999999999999999999999999999999999999999999999999999999999999999
9999999999999999999999999999999999999999999999999999999999999999999999999999999999999999999999
9999999999999999999999999999999999999999999999999999999999999999999999999999999999999999999999
